fiscalDateEnding,reportedCurrency,grossProfit,totalRevenue,costOfRevenue,costofGoodsAndServicesSold,operatingIncome,sellingGeneralAndAdministrative,researchAndDevelopment,operatingExpenses,investmentIncomeNet,netInterestIncome,interestIncome,interestExpense,nonInterestIncome,otherNonOperatingIncome,depreciation,depreciationAndAmortization,incomeBeforeTax,incomeTaxExpense,interestAndDebtExpense,netIncomeFromContinuingOperations,comprehensiveIncomeNetOfTax,ebit,ebitda,netIncome
2023-09-30,USD,1342000000,6466000000,5124000000,2021000000,117000000,3054000000,None,6408000000,156000000,-59000000,156000000,59000000,6525000000,23000000,None,375000000,237000000,44000000,59000000,193000000,336000000,117000000,671000000,193000000
2023-06-30,USD,1962000000,6977000000,5015000000,1862000000,795000000,3057000000,None,6242000000,144000000,-60000000,144000000,60000000,7037000000,7000000,None,367000000,886000000,203000000,60000000,683000000,544000000,795000000,1313000000,683000000
2023-03-31,USD,848000000,5646000000,4798000000,1955000000,-284000000,2718000000,None,5990000000,125000000,-60000000,69000000,60000000,5706000000,14000000,None,365000000,-205000000,-46000000,60000000,-159000000,-306000000,-284000000,220000000,-159000000
2022-12-31,USD,877000000,6113000000,5236000000,1965000000,-385000000,2833000000,None,6865000000,116000000,-75000000,59000000,75000000,6171000000,45000000,None,367000000,-285000000,-65000000,77000000,-220000000,-181000000,-385000000,157000000,-220000000
2022-09-30,USD,1263000000,6069000000,4806000000,2145000000,395000000,2526000000,None,5825000000,70000000,-75000000,5000000,75000000,6144000000,39000000,None,335000000,353000000,76000000,227000000,277000000,-223000000,395000000,763000000,277000000
2022-06-30,USD,2019000000,6603000000,4584000000,2024000000,1158000000,2430000000,None,5570000000,28000000,-82000000,28000000,82000000,6685000000,-25000000,None,325000000,1036000000,276000000,168000000,760000000,674000000,1158000000,1443000000,760000000
2022-03-31,USD,691000000,4610000000,3919000000,1350000000,-151000000,2440000000,None,4845000000,3000000,-84000000,3000000,84000000,4694000000,-72000000,None,324000000,-376000000,-98000000,156000000,-278000000,225000000,-151000000,32000000,-278000000
2021-12-31,USD,742000000,4958000000,4216000000,1413000000,195000000,2433000000,None,5099000000,7000000,-134000000,107000000,134000000,5051000000,6000000,None,323000000,77000000,9000000,150000000,68000000,190000000,195000000,534000000,68000000
2021-09-30,USD,763000000,4573000000,3810000000,1366000000,733000000,2372000000,None,3946000000,2000000,-106000000,2000000,106000000,4679000000,-17000000,None,322000000,600000000,154000000,118000000,446000000,577000000,733000000,1028000000,446000000
2021-06-30,USD,554000000,3900000000,3346000000,1206000000,594000000,2047000000,None,3414000000,2000000,-108000000,2000000,108000000,4008000000,14000000,None,315000000,502000000,154000000,108000000,348000000,544000000,594000000,925000000,348000000
2021-03-31,USD,-716000000,1949000000,2665000000,782000000,199000000,1744000000,None,1853000000,2000000,-103000000,2000000,103000000,2052000000,48000000,None,312000000,146000000,30000000,103000000,116000000,180000000,199000000,561000000,116000000
2020-12-31,USD,2013000000,2013000000,2714000000,660000000,-1169000000,1719000000,None,3354000000,2000000,-124000000,2000000,124000000,2013000000,-63000000,None,315000000,-1331000000,-423000000,124000000,-1331000000,-911000000,-1169000000,-892000000,-908000000
2020-09-30,USD,-987000000,1793000000,2680000000,687000000,-1411000000,1863000000,None,3204000000,4000000,-100000000,96000000,100000000,1793000000,-35000000,None,315000000,-1542000000,-385000000,100000000,-1157000000,-1129000000,-1411000000,-1127000000,-1157000000
2020-06-30,USD,-1640000000,1008000000,2559000000,532000000,-1127000000,1934000000,None,2357000000,9000000,-89000000,9000000,89000000,1008000000,-32000000,None,313000000,-1239000000,-324000000,89000000,-915000000,-859000000,-1127000000,-837000000,-915000000
2020-03-31,USD,837000000,4234000000,3374000000,1209000000,-110000000,2126000000,None,4344000000,17000000,-23000000,17000000,23000000,4234000000,-28000000,None,311000000,-144000000,-50000000,23000000,-94000000,-219000000,-110000000,190000000,-94000000
2019-12-31,USD,5729000000,5729000000,4257000000,1432000000,665000000,3013000000,None,5065000000,20000000,-28000000,20000000,28000000,5730000000,0,None,313000000,667000000,153000000,28000000,666000000,515000000,695000000,1008000000,514000000
2019-09-30,USD,1889000000,5639000000,3745000000,1435000000,819000000,2764000000,None,4820000000,23000000,-30000000,23000000,30000000,5639000000,-3000000,None,308000000,819000000,160000000,30000000,659000000,566000000,849000000,1157000000,659000000
2019-06-30,USD,2015000000,5909000000,3863000000,1493000000,968000000,2836000000,None,4941000000,24000000,-31000000,24000000,31000000,5909000000,-2000000,None,302000000,968000000,227000000,31000000,741000000,675000000,999000000,1301000000,741000000
2019-03-31,USD,1454000000,5149000000,3664000000,1391000000,505000000,2706000000,None,4644000000,23000000,-31000000,23000000,31000000,5149000000,-2000000,None,297000000,504000000,117000000,31000000,387000000,463000000,535000000,832000000,387000000
2018-12-31,USD,5704000000,5704000000,5071000000,1554000000,820000000,2746000000,None,4884000000,22000000,-32000000,None,32000000,5704000000,-2000000,None,331000000,817000000,163000000,32000000,817000000,262000000,849000000,1180000000,654000000
2018-09-30,USD,1746000000,5575000000,3796000000,1583000000,798000000,2651000000,None,4777000000,20000000,-33000000,None,33000000,5575000000,-8000000,None,301000000,786000000,171000000,33000000,615000000,729000000,819000000,1120000000,615000000
2018-06-30,USD,1937000000,5742000000,3805000000,1586000000,972000000,1927000000,None,4770000000,15000000,-33000000,None,33000000,5742000000,4000000,None,292000000,960000000,227000000,33000000,733000000,953000000,993000000,1285000000,733000000
2018-03-31,USD,1458000000,4944000000,3486000000,1388000000,616000000,1821000000,None,4328000000,12000000,-32000000,None,32000000,4944000000,4000000,None,277000000,602000000,139000000,32000000,463000000,547000000,634000000,911000000,463000000
2017-12-31,USD,5274000000,5258000000,4754000000,1388000000,741000000,3087000000,None,4518000000,11000000,-30000000,None,30000000,5258000000,3000000,None,279000000,735000000,-1012000000,30000000,737000000,1895000000,765000000,1044000000,1747000000
2017-09-30,USD,1796000000,5303000000,3475000000,1378000000,845000000,1795000000,None,4458000000,9000000,-28000000,None,28000000,5303000000,-9000000,None,302000000,832000000,304000000,28000000,503000000,655000000,860000000,1162000000,528000000
2017-06-30,USD,2183000000,5731000000,3561000000,1375000000,1215000000,1867000000,None,4516000000,8000000,-27000000,None,27000000,None,-44000000,None,319000000,1165000000,422000000,27000000,746000000,792000000,1192000000,1511000000,743000000
2017-03-31,USD,1543000000,4854000000,3340000000,1289000000,606000000,1733000000,None,4248000000,7000000,-29000000,None,29000000,None,63000000,None,318000000,532000000,193000000,29000000,351000000,350000000,561000000,879000000,339000000
2016-12-31,USD,5076000000,5076000000,4490000000,1299000000,846000000,2873000000,None,4332000000,7000000,-29000000,None,29000000,None,114000000,None,318000000,773000000,251000000,29000000,809000000,637000000,802000000,1120000000,522000000
2016-09-30,USD,1611000000,5139000000,3528000000,1304000000,695000000,1909000000,None,4444000000,6000000,-31000000,None,31000000,None,-64000000,None,315000000,618000000,230000000,31000000,388000000,517000000,649000000,964000000,388000000
2016-06-30,USD,2154000000,5384000000,3230000000,1271000000,1276000000,1639000000,None,4108000000,6000000,-32000000,None,32000000,None,43000000,None,299000000,1304000000,484000000,32000000,820000000,1086000000,1336000000,1635000000,820000000
2016-03-31,USD,1784000000,4826000000,3042000000,1213000000,944000000,1539000000,None,3882000000,5000000,-30000000,None,30000000,None,-114000000,None,290000000,816000000,303000000,30000000,511000000,670000000,846000000,1136000000,513000000
2015-12-31,USD,4977000000,4977000000,4192000000,1136000000,1026000000,2785000000,None,3951000000,4000000,-21000000,8000000,29000000,None,-162000000,None,264000000,847000000,311000000,21000000,847000000,388000000,876000000,1140000000,536000000
2015-09-30,USD,2056000000,5318000000,3262000000,1299000000,1225000000,1699000000,None,4093000000,2000000,-22000000,9000000,31000000,None,-272000000,None,258000000,933000000,349000000,22000000,584000000,345000000,964000000,1222000000,584000000
2015-06-30,USD,1888000000,5111000000,3223000000,1363000000,1085000000,1607000000,None,4026000000,2000000,-22000000,7000000,29000000,None,-88000000,None,250000000,977000000,369000000,22000000,608000000,686000000,1006000000,1256000000,608000000
2015-03-31,USD,1506000000,4414000000,2908000000,1222000000,780000000,1419000000,None,3634000000,1000000,-26000000,6000000,32000000,None,-32000000,None,244000000,723000000,270000000,26000000,453000000,449000000,755000000,999000000,453000000
2014-12-31,USD,4628000000,4628000000,4325000000,1498000000,621000000,2528000000,None,4008000000,2000000,-28000000,23000000,51000000,None,-293000000,None,251000000,301000000,111000000,28000000,302000000,-456000000,621000000,603000000,190000000
2014-09-30,USD,1430000000,4800000000,3370000000,1746000000,614000000,1363000000,None,4186000000,2000000,-25000000,None,25000000,None,-66000000,None,238000000,525000000,196000000,25000000,329000000,126000000,614000000,788000000,329000000
2014-06-30,USD,1914000000,5011000000,3097000000,1425000000,775000000,1406000000,None,4236000000,2000000,-28000000,None,28000000,None,-3000000,None,228000000,746000000,281000000,28000000,465000000,588000000,775000000,1002000000,465000000
2014-03-31,USD,1338000000,4166000000,2828000000,1314000000,215000000,1275000000,None,3951000000,2000000,-26000000,None,26000000,None,53000000,None,221000000,244000000,92000000,26000000,152000000,143000000,215000000,491000000,152000000
2013-12-31,USD,4428000000,4428000000,4100000000,1367000000,386000000,2489000000,None,4043000000,1000000,-34000000,None,34000000,None,-26000000,None,224000000,333000000,121000000,34000000,334000000,323000000,386000000,591000000,212000000
2013-09-30,USD,1575000000,4545000000,2970000000,1450000000,390000000,1271000000,None,4155000000,1000000,-35000000,None,35000000,None,59000000,None,221000000,419000000,160000000,35000000,259000000,393000000,390000000,675000000,259000000
2013-06-30,USD,1233000000,4643000000,3410000000,1873000000,433000000,1298000000,None,4210000000,2000000,-25000000,None,25000000,None,-47000000,None,213000000,363000000,139000000,25000000,224000000,87000000,433000000,601000000,224000000
2013-03-31,USD,862000000,4084000000,3222000000,1816000000,70000000,1183000000,None,4014000000,2000000,-24000000,None,24000000,None,46000000,None,210000000,94000000,35000000,24000000,59000000,67000000,70000000,328000000,59000000
2012-12-31,USD,4173000000,4173000000,4444000000,1842000000,91000000,2363000000,None,4082000000,2000000,-30000000,None,30000000,None,62000000,None,224000000,125000000,47000000,30000000,125000000,84000000,91000000,379000000,78000000
2012-09-30,USD,860000000,4309000000,3449000000,1898000000,51000000,1189000000,None,4258000000,2000000,-30000000,None,30000000,None,10000000,None,217000000,33000000,17000000,30000000,16000000,211000000,51000000,280000000,16000000
2012-06-30,USD,1254000000,4616000000,3362000000,1927000000,460000000,1222000000,None,4156000000,2000000,-38000000,None,38000000,None,-62000000,None,202000000,368000000,140000000,38000000,228000000,-35000000,460000000,608000000,228000000
2012-03-31,USD,784000000,3991000000,3207000000,1852000000,22000000,1141000000,None,3969000000,2000000,-40000000,None,40000000,None,170000000,None,201000000,159000000,61000000,40000000,98000000,265000000,22000000,400000000,98000000
2011-12-31,USD,4108000000,4108000000,4366000000,1842000000,147000000,2229000000,None,3961000000,2000000,-51000000,None,51000000,None,153000000,None,192000000,255000000,103000000,51000000,255000000,441000000,147000000,498000000,152000000
2011-09-30,USD,1019000000,4311000000,3292000000,1933000000,225000000,1146000000,None,4086000000,1000000,-50000000,None,50000000,None,-405000000,None,191000000,-226000000,-86000000,50000000,-140000000,-546000000,225000000,15000000,-140000000
2011-06-30,USD,924,4136000000,3212,1853,207000000,1125,None,3929000000,4,-51,None,51,None,113000000,None,176000000,275000000,114000000,51,161,-25000000,207000000,451000051,161000000
2011-03-31,USD,1663000000,3103000000,1440000000,1285000000,114000000,954000000,None,2989000000,-3000000,-43000000,None,43000000,None,-59000000,None,155000000,18000000,13000000,43000000,5000000,346000000,114000000,216000000,5000000
2010-12-31,USD,3114000000,3114000000,2009000000,939000000,216000000,-1903000000,None,2898000000,-3000000,-41000000,None,41000000,None,32000000,None,159000000,213000000,82000000,41000000,213000000,322000000,216000000,413000000,131000000
2010-09-30,USD,2105000000,3192000000,1087000000,926000000,355000000,938000000,None,2837000000,-2000000,-43000000,None,43000000,None,13000000,None,161000000,332000000,127000000,43000000,205000000,393000000,355000000,536000000,205000000
2010-06-30,USD,2081000000,3168,1087000000,933000000,363000000,946,None,2805,-4000000,-42000000,None,42000000,None,-146,None,154,112000072,72,42000000,112000000,-11,363000000,154000226,112000000
2010-03-31,USD,3605000000,2630000000,-975000000,-821000000,54000000,864,None,2576000000,3000000,41000000,None,-41000000,None,4000000,None,154000000,17000000,6000000,-41000000,11000000,71000000,54000000,130000000,11000000
2009-12-31,USD,2712000000,2712000000,-6372000000,-5294000000,167000000,861000000,None,2545000000,24000000,326000000,None,-326000000,None,52000000,None,154000000,185000000,69000000,-326000000,185000000,252000000,167000000,13000000,116000000
2009-09-30,USD,1678000000,2666000000,988000000,826000000,22000000,909000000,None,2644000000,-3000000,-48000000,None,48000000,None,2000000,None,162000000,-20000000,-4000000,48000000,-16000000,66000000,22000000,190000000,-16000000
2009-06-30,USD,1740000000,2616000000,876000000,726000000,123000000,863000000,None,2493000000,-3000000,-47000000,None,47000000,None,-23000000,None,150000000,107000000,16000000,47000000,91000000,216000000,123000000,304000000,91000000
2009-03-31,USD,1509000000,2357000000,848000000,698000000,-50000000,836000000,None,2407000000,-4000000,-50000000,None,50000000,None,-23000000,None,-150000000,-107000000,-16000000,50000000,-182000000,-29000000,-50000000,-207000000,-91000000
2008-12-31,USD,1673000000,2734000000,1061000000,1061000000,69000000,846000000,None,2665000000,None,None,None,35000000,None,130000000,None,154000000,-83000000,-27000000,None,None,None,69000000,223000000,-56000000
2008-09-30,USD,1906000000,2891000000,985000000,985000000,86000000,856000000,None,2805000000,None,None,None,35000000,None,269000000,None,152000000,-205000000,-85000000,None,None,None,86000000,238000000,-120000000
2008-06-30,USD,1981000000,2869000000,888000000,888000000,205000000,839000000,None,2664000000,None,None,None,32000000,None,-345000000,None,148000000,529000000,208000000,None,None,None,205000000,353000000,321000000
2008-03-31,USD,824000000,2530000000,1706000000,1706000000,88000000,1009000000,None,2442000000,None,None,None,28000000,None,38000000,None,145000000,37000000,3000000,None,None,None,88000000,233000000,34000000
