fiscalDateEnding,reportedCurrency,grossProfit,totalRevenue,costOfRevenue,costofGoodsAndServicesSold,operatingIncome,sellingGeneralAndAdministrative,researchAndDevelopment,operatingExpenses,investmentIncomeNet,netInterestIncome,interestIncome,interestExpense,nonInterestIncome,otherNonOperatingIncome,depreciation,depreciationAndAmortization,incomeBeforeTax,incomeTaxExpense,interestAndDebtExpense,netIncomeFromContinuingOperations,comprehensiveIncomeNetOfTax,ebit,ebitda,netIncome
2023-09-30,USD,158959000,710485000,551526000,272932000,-54917000,29695000,None,114723000,13685000,-20291000,13685000,20291000,730776000,-644000,None,34760000,-60520000,-11800000,20291000,-48720000,-47566000,-54917000,-43583000,-48720000
2023-06-30,USD,182413000,682510000,500097000,234026000,-9580000,28391000,None,114671000,13539000,-20760000,13539000,20760000,703270000,-920000,None,10912000,-14461000,-2126000,20760000,-12335000,-11808000,-9580000,1332000,-12335000
2023-03-31,USD,51429000,586116000,534687000,264516000,-117427000,28238000,None,98095000,16465000,-21422000,16465000,21422000,607538000,155000,None,17386000,-125831000,-27574000,21422000,-98257000,-100309000,-117427000,-100041000,-98257000
2022-12-31,USD,12065000,728305000,716240000,276184000,-32788000,62576000,None,318513000,11858000,-26947000,11858000,26947000,755252000,912000,None,-1606000,-62918000,-12758000,26947000,-50160000,-27666000,-32788000,-21893000,-50160000
2022-09-30,USD,182545000,717946000,535401000,290290000,-3372000,32505000,None,113219000,9287000,-22145000,9287000,22145000,740091000,-688000,None,14738000,-10779000,-1510000,22145000,-9269000,-23411000,-3372000,22760000,-9269000
2022-06-30,USD,-325846000,659840000,318338000,289723000,-26089000,28615000,None,28615000,6562000,1060000,6562000,-1060000,-8568000,-2005000,None,12180000,-53854000,-6480000,7508000,-36774000,-53044000,-26089000,-13909000,-47374000
2022-03-31,USD,123133000,477214000,354081000,150982000,-147805000,20647000,None,30687000,4434000,-23985000,4434000,23985000,477214000,374000,None,16966000,-166298000,-33020000,0,-314455000,-149288000,-147805000,-130839000,-133278000
2021-12-31,USD,-116447000,455905000,572352000,181269000,-71342000,51669000,None,263165000,3942000,-31531000,3942000,31531000,487436000,82000,None,138299000,-119374000,-26800000,66426000,-92574000,-60268000,-71342000,-58970000,-92574000
2021-09-30,USD,106583000,479831000,373248000,171879000,43467000,20964000,None,78458000,2067000,-29017000,2067000,29017000,508848000,-77000,None,33899000,19169000,4500000,29017000,14669000,14959000,43467000,48186000,14669000
2021-06-30,USD,45273000,381242000,335969000,138858000,18475000,17270000,None,79783000,1345000,-29539000,1345000,29539000,410781000,444000,None,35113000,-8294000,-2117000,29539000,-6177000,-5760000,18475000,30228000,-6177000
2021-03-31,USD,33951000,155414000,121463000,97245000,-73164000,11409000,None,58468000,1249000,-23009000,1249000,23009000,178423000,20896000,None,35356000,-76824000,-16133000,27003000,-60691000,-61015000,-73164000,-50038000,-60691000
2020-12-31,USD,-5400000,114865000,5400000,69317000,-209478000,31653000,None,5400000,1003000,-20061000,1003000,20061000,134926000,5489000,None,-1735000,-228759000,-66199000,20061000,-10800000,-160788000,-209478000,-211213000,-162560000
2020-09-30,USD,-32194000,64920000,97114000,54930000,-121073000,5201000,None,62093000,1942000,-10765000,1942000,10765000,75685000,-6244000,None,36734000,-143584000,-46485000,10765000,-97099000,-110228000,-121073000,-108022000,-97099000
2020-06-30,USD,-59316000,52520000,111836000,44566000,-148964000,2927000,None,77710000,2766000,-7300000,2766000,7300000,59820000,774000,None,39333000,-152521000,-45617000,7300000,-106904000,-107522000,-148964000,-111023000,-106904000
2020-03-31,USD,54810000,546728000,491918000,170248000,-168096000,26716000,None,210393000,3020000,-5964000,3020000,5964000,552692000,1966000,None,39449000,-175188000,-30816000,5964000,-144372000,-143041000,-168096000,-56072000,-144372000
2019-12-31,USD,708137000,708137000,1086432000,670796000,69284000,64218000,None,300457000,3378000,-7801000,3378000,7801000,708137000,4434000,None,165759000,67909000,18192000,7801000,67909000,35947000,69284000,241469000,49717000
2019-09-30,USD,478303000,742579000,264276000,41762000,116636000,33291000,None,114828000,3148000,-7319000,3148000,7319000,749898000,-1445000,None,6361000,108519000,28443000,7319000,80076000,83050000,116636000,122199000,80076000
2019-06-30,USD,442159000,700805000,258646000,39641000,88881000,32471000,None,109574000,3074000,-8164000,3074000,8164000,708969000,-3083000,None,6464000,79609000,21776000,8164000,57833000,55625000,88881000,94237000,57833000
2019-03-31,USD,406324000,651125000,244801000,38900000,52676000,30836000,None,101368000,2983000,-6245000,2983000,6245000,657370000,-1025000,None,6098000,48959000,12601000,6245000,36358000,38619000,52676000,61302000,36358000
2018-12-31,USD,697465000,697465000,1301986000,735201000,69349000,258533000,None,469749000,2713000,-6900000,None,6900000,697465000,-1344000,None,544000,41519000,9883000,6900000,41519000,18417000,69349000,69893000,31636000
2018-09-30,USD,506861000,758270000,251409000,42063000,115826000,32704000,None,103138000,3124000,-6625000,None,6625000,764895000,937000,None,36373000,116757000,23215000,6625000,93542000,98642000,115826000,119887000,93542000
2018-06-30,USD,487046000,729080000,242034000,38626000,92928000,31853000,None,104374000,1931000,-5272000,None,5272000,734352000,-2752000,None,32919000,105787000,26307000,5272000,79480000,89424000,92928000,92107000,79480000
2018-03-31,USD,895811000,1329124000,433313000,36518000,36265000,200634000,None,270760000,1474000,-6317000,None,6317000,670029000,1056000,None,32245000,37095000,8553000,6317000,28542000,21351000,36265000,74117000,28542000
2017-12-31,USD,686549000,686549000,762629000,728017000,96166000,423940000,None,612307000,1652000,-5430000,None,5430000,682604000,12233000,None,-2828000,106065000,-42383000,5430000,110077000,154751000,96166000,97350000,148448000
2017-09-30,USD,311035000,717679000,406644000,37533000,169002000,193989000,None,255310000,1861000,-5162000,None,5162000,3282000,-3892000,None,28447000,114889000,43267000,5162000,74566000,96408000,169002000,171720000,71622000
2017-06-30,USD,278261000,664994000,386733000,35636000,136840000,187217000,None,248061000,1467000,-5629000,None,5629000,-4712000,-4317000,None,27872000,123649000,46755000,5629000,80433000,79577000,136840000,144470000,76894000
2017-03-31,USD,216438000,599144000,382706000,34290000,62030000,184239000,None,242873000,1152000,-6243000,None,6243000,-8798000,-1924000,None,27468000,46217000,12572000,6243000,36912000,28102000,62030000,85202000,33645000
2016-12-31,USD,632973000,632973000,737801000,191406000,15922000,387693000,None,602990000,963000,-6915000,None,6915000,4205000,-5561000,None,90544000,-14684000,-5314000,7395000,3561000,-305000,15922000,115413000,-9370000
2016-09-30,USD,298920000,660416000,361496000,190606000,178908000,170890000,None,228069000,1113000,-7820000,None,7820000,-3601000,612000,None,27495000,164159000,61705000,7820000,102454000,101643000,178908000,175580000,102454000
2016-06-30,USD,263714000,600587000,336873000,169565000,123952000,167308000,None,224582000,1087000,-8447000,None,8447000,14444000,2686000,None,26988000,128640000,49070000,15090000,79570000,73869000,123952000,122643000,79570000
2016-03-31,USD,216039000,534986000,318947000,152273000,96950000,166674000,None,219389000,844000,-10779000,None,10779000,-5415000,6586000,None,27146000,83104000,31638000,14129000,51466000,44697000,96950000,99298000,51466000
2015-12-31,USD,574154000,574154000,628545000,171069000,108846000,350660000,None,510615000,759000,-12641000,None,12641000,-36023000,505000,None,1264000,84992000,23546000,17403000,61446000,60903000,108846000,110110000,61446000
2015-09-30,USD,247639000,593867000,346228000,190039000,154677000,156189000,None,204765000,691000,-12808000,None,12808000,-25063000,-4515000,None,26061000,112982000,42953000,12862000,70029000,69301000,154677000,150853000,70029000
2015-06-30,USD,211898000,560291000,348393000,193932000,91416000,154461000,None,201339000,725000,-12743000,None,12743000,1739000,-1876000,None,27537000,79261000,30427000,13030000,48834000,48934000,91416000,90265000,48834000
2015-03-31,USD,187644000,528931000,341287000,190845000,71164000,150442000,None,197847000,636000,1293000,None,-1293000,-12642000,-2934000,None,25179000,41999000,16116000,5662000,25883000,27043000,71164000,68866000,25883000
2014-12-31,USD,574839000,574839000,645287000,229978000,77332000,317700000,None,458407000,596000,-14689000,None,14689000,-37582000,-5993000,None,-9282000,25693000,7297000,17306000,18396000,-67635000,77332000,68050000,18396000
2014-09-30,USD,185388000,596300000,410912000,264428000,106169000,146484000,None,193188000,471000,-15270000,None,15270000,-27892000,-5114000,None,24384000,58364000,22789000,15270000,35575000,42610000,106169000,101526000,35575000
2014-06-30,USD,219732000,567982000,348250000,204999000,51594000,143251000,None,196950000,398000,-14023000,None,14023000,6285000,725000,None,23765000,44979000,17652000,14023000,27327000,24151000,51594000,52717000,27327000
2014-03-31,USD,165536000,505725000,340189000,201360000,10037000,138829000,None,204632000,219000,-12234000,None,12234000,-6899000,585000,None,22811000,-8292000,-3217000,12234000,-5075000,-10326000,10037000,10841000,-5075000
2013-12-31,USD,531885000,531885000,440193000,205024000,33848000,150884000,None,283303000,213000,-10145000,None,10145000,5597000,-1357000,None,-1144000,39233000,11077000,10145000,28156000,82109000,33848000,32704000,28156000
2013-09-30,USD,234508000,591360000,356852000,212414000,74434000,144438000,None,197020000,173000,-10474000,None,10474000,2536000,749000,None,22092000,67418000,26814000,10474000,40604000,37520000,74434000,75356000,40604000
2013-06-30,USD,135814000,517750000,381936000,246366000,37391000,135570000,None,193525000,126000,-9272000,None,9272000,-6906000,-3124000,None,19788000,18215000,6899000,9272000,11316000,18643000,37391000,34393000,11316000
2013-03-31,USD,90996000,476256000,385260000,248714000,-11926000,136546000,None,194092000,127000,-7937000,None,7937000,-6561000,-1082000,None,19113000,-27379000,-10234000,7937000,-17145000,-15050000,-11926000,-12881000,-17145000
2012-12-31,USD,492986000,492986000,472464000,251373000,12237000,132782000,None,278108000,103000,-8581000,None,8581000,-8835000,-1109000,None,-1006000,-8962000,-2777000,8581000,-6185000,-19242000,12237000,11231000,-6185000
2012-09-30,USD,179201000,546434000,367233000,242767000,74933000,124466000,None,167377000,96000,-9396000,None,9396000,6508000,1662000,None,22983000,73803000,28320000,9396000,45483000,47346000,74933000,98012000,45483000
2012-06-30,USD,114671000,461182000,346511000,221201000,29328000,125310000,None,186429000,167000,-8546000,None,8546000,-14823000,183000,None,21553000,6309000,2405000,8546000,3904000,5093000,29328000,51048000,3904000
2012-03-31,USD,108092000,432266000,324174000,204634000,12900000,119540000,None,158325000,214000,-9048000,None,9048000,5820000,-600000,None,19151000,11859000,4601000,9048000,7258000,8326000,12900000,32265000,7258000
2011-12-31,USD,433975000,433975000,372851000,195705000,34462000,104919000,None,213918000,181000,-8701000,None,8701000,4919000,-146000,None,18459000,44437000,11758000,8701000,32679000,-46448000,34462000,53102000,32679000
2011-09-30,USD,129253000,438415000,309162000,203386000,60947000,105776000,None,155201000,638000,-7737000,None,7737000,-9707000,538000,None,17496000,47326000,21709000,7737000,25617000,25746000,60947000,79081000,25617000
2011-06-30,USD,73082000,379673000,306591000,203586000,-70181000,103005000,None,148610000,338000,-4889000,None,4889000,-10453000,668000,None,15604000,-82573000,-32531000,4889000,-50042000,-49952000,-70181000,-54239000,-50042000
