fiscalDateEnding,reportedCurrency,grossProfit,totalRevenue,costOfRevenue,costofGoodsAndServicesSold,operatingIncome,sellingGeneralAndAdministrative,researchAndDevelopment,operatingExpenses,investmentIncomeNet,netInterestIncome,interestIncome,interestExpense,nonInterestIncome,otherNonOperatingIncome,depreciation,depreciationAndAmortization,incomeBeforeTax,incomeTaxExpense,interestAndDebtExpense,netIncomeFromContinuingOperations,comprehensiveIncomeNetOfTax,ebit,ebitda,netIncome
2023-09-30,USD,-92525000,114366000,27002000,418000,-20242000,9893000,None,26693000,18000,-13600000,18000,13600000,114961000,392000,13300000,13299000,-31299000,-2954000,15105000,-28345000,-28345000,-17699000,-4400000,-28345000
2023-06-30,USD,168276000,226291000,58015000,864000,-40230000,11346000,None,50429000,8000,-12015000,8000,12015000,117591000,-946000,15300000,15316000,-50324000,-2764000,12015000,-47560000,-47560000,-38309000,-22993000,-47560000
2023-03-31,USD,153646000,201303000,47657000,835000,-26871000,13538000,None,46822000,49000,-13030000,49000,13030000,123934000,538000,16500000,16541000,-37219000,-2097000,13030000,-35122000,-35122000,-24189000,-7648000,-35122000
2022-12-31,USD,141704000,178697000,36993000,4083000,2447000,13988000,None,32910000,71000,-11276000,71000,11276000,148873000,417000,14400000,15203000,-10020000,-930000,11276000,-9090000,-9090000,1256000,16459000,-9090000
2022-09-30,USD,105438000,278937000,173499000,9304000,-141197000,12416000,None,159472000,22000,-10523000,22000,10523000,131060000,-598000,20600000,19630000,-148639000,-33003000,10920000,-115636000,-115636000,-138116000,-118486000,-115636000
2022-06-30,USD,89067000,129581000,40514000,9299000,213000,11112000,None,31215000,24000,-8716000,24000,8716000,138297000,-73000,19300000,20103000,-12478000,-2493000,8716000,-9985000,-9985000,-3762000,16341000,-9985000
2022-03-31,USD,39477000,117393000,77916000,9434000,-44755000,7860000,None,68482000,42000,-8120000,42000,8120000,125513000,-71000,20100000,20747000,-55165000,-12382000,8120000,-42783000,-42783000,-47045000,-26298000,-42783000
2021-12-31,USD,95135000,139822000,44687000,11081000,-3986000,12578000,None,33611000,51000,-7930000,51000,7930000,147752000,-59000,20500000,21028000,-18386000,-4112000,7930000,-14274000,-14274000,-10456000,10572000,-14274000
2021-09-30,USD,248474000,292689000,44215000,9945000,5089000,13531000,None,34298000,78000,-8266000,78000,8266000,130755000,12000,20000000,20739000,-9903000,-2408000,8266000,-7495000,-7495000,-1637000,19102000,-7495000
2021-06-30,USD,73628000,116530000,42902000,9882000,14374000,12087000,None,33020000,82000,-8627000,82000,8627000,125157000,-28000,20600000,20933000,5801000,1525000,8627000,4276000,4276000,14428000,35361000,4276000
2021-03-31,USD,46466000,88525000,42059000,10190000,16761000,11164000,None,31869000,79000,-8755000,79000,8755000,97280000,-506000,20400000,20705000,7579000,1890000,8755000,5689000,5689000,16334000,37039000,5689000
2020-12-31,USD,98271000,142215000,43944000,10401000,26972000,13073000,None,33567000,126000,-9082000,126000,9082000,151297000,923000,20200000,20470000,18939000,4821000,8132000,14118000,14118000,28021000,48491000,14118000
2020-09-30,USD,108039000,108039000,43140000,9487000,23864000,13013000,None,33526000,10000,-9452000,10000,9452000,108039000,123000,20300000,20640000,14547000,3172000,9452000,23864000,23864000,23999000,44639000,11375000
2020-06-30,USD,14631000,62731000,48100000,15728000,15224000,11737000,None,32372000,1000,-10368000,1000,10368000,73099000,79000,20200000,20635000,4936000,1517000,10368000,3419000,3419000,15304000,35939000,3419000
2020-03-31,USD,120781000,168223000,47442000,12473000,13892000,14500000,None,34969000,36000,-11673000,36000,11673000,179896000,937000,20100000,20469000,3192000,1307000,11673000,1885000,1885000,14865000,35334000,1885000
2019-12-31,USD,125858000,171001000,45143000,11595000,27187000,12996000,None,33955000,58000,-12628000,58000,12628000,183629000,-297000,20200000,20552000,14320000,3535000,12628000,10785000,10785000,26948000,47500000,10785000
2019-09-30,USD,187830000,187830000,44294000,11422000,30453000,12406000,None,32166000,313000,-13607000,313000,13607000,187830000,-101000,20000000,20466000,17058000,4815000,13607000,30453000,30453000,30665000,51131000,12243000
2019-06-30,USD,121446000,166728000,45282000,13086000,17077000,12435000,None,32196000,733000,-13496000,733000,13496000,180224000,-451000,19300000,19761000,3863000,856000,13496000,3007000,3007000,17359000,37120000,3007000
2019-03-31,USD,112800000,159759000,46959000,14211000,34377000,13472000,None,32748000,299000,-13772000,13473000,13772000,173531000,47000,18800000,19276000,17335000,4086000,17388000,13249000,13249000,31107000,50383000,13249000
2018-12-31,USD,118248000,163315000,45067000,14362000,39230000,12214000,None,30704000,156000,-14842000,None,14842000,178157000,486000,18000000,18491000,25030000,5949000,14842000,19081000,19081000,39872000,58363000,19081000
2018-09-30,USD,177532000,177532000,42344000,14610000,41784000,10314000,None,27765000,84000,-15275000,None,15275000,177532000,51000,17300000,17420000,26644000,7250000,15275000,41784000,41784000,41919000,59339000,19394000
2018-06-30,USD,101416000,157621000,56205000,18126000,-508000,22066000,None,38079000,11000,-14118000,None,14118000,171739000,-15000,15900000,16013000,-14630000,-3495000,14118000,-11135000,-11135000,-512000,15501000,-11135000
2018-03-31,USD,26686000,167640000,140954000,140954000,16349000,10337000,None,10337000,None,None,None,13343000,None,-36000,15600000,15666000,2980000,608000,None,-33759000,None,16323000,31989000,2372000
2017-12-31,USD,25953000,164684000,138731000,138731000,15023000,10930000,None,10930000,None,None,None,14131000,None,-66000,15800000,15932000,835000,-21789000,None,22624000,None,14966000,30898000,22624000
2017-09-30,USD,30475000,157294000,126819000,126819000,22691000,7786000,None,7786000,None,None,None,12451000,None,None,15800000,15828000,10181000,4699000,None,17395000,None,22632000,38460000,5482000
2017-06-30,USD,46896000,166952000,120056000,120056000,36360000,10534000,None,10534000,None,None,None,11819000,None,None,15500000,15620000,24497000,9065000,None,15433000,None,36316000,51936000,15432000
2017-03-31,USD,45759500,159665000,113905500,113905500,20405000,10338000,None,25335000,None,None,None,21840000,None,None,None,13100000,9512000,3555000,None,None,None,20405000,33721500,5304000
2016-12-31,USD,45759500,159665000,113905500,113905500,20838000,10338000,None,25335000,None,None,None,None,None,None,None,13100000,9512000,3555000,None,None,None,20838000,33721500,6610000
